<record><leader>00000cas a22000007a 4500</leader><controlfield tag="001">15248379</controlfield><controlfield tag="008">870227d18451848inuwr ne      0    0eng d</controlfield><datafield ind1=" " ind2=" " tag="010"><subfield code="a">sn 87055651 </subfield></datafield><datafield ind1=" " ind2=" " tag="040"><subfield code="a">NPI</subfield><subfield code="b">eng</subfield><subfield code="c">NPI</subfield><subfield code="d">OCLCQ</subfield></datafield><datafield ind1=" " ind2=" " tag="042"><subfield code="a">msc</subfield></datafield><datafield ind1="0" ind2="0" tag="245"><subfield code="a">La Grange County Democrat.</subfield></datafield><datafield ind1="3" ind2="0" tag="246"><subfield code="a">LaGrange County Democrat</subfield></datafield><datafield ind1=" " ind2=" " tag="260"><subfield code="a">Lima [i.e. Howe], La Grange County, Ia. [i.e. Ind.] :</subfield><subfield code="b">Jewett &amp; Bennet</subfield></datafield><datafield ind1=" " ind2=" " tag="310"><subfield code="a">Weekly</subfield></datafield><datafield ind1="1" ind2=" " tag="362"><subfield code="a">Began in Oct. 1845; ceased in 1848?</subfield></datafield><datafield ind1=" " ind2=" " tag="588"><subfield code="a">Description based on: Vol. 1, no. 5 (Dec. 9, 1845).</subfield></datafield><datafield ind1=" " ind2=" " tag="752"><subfield code="a">United States</subfield><subfield code="b">Indiana</subfield><subfield code="c">LaGrange</subfield><subfield code="d">Howe.</subfield></datafield><datafield ind1=" " ind2=" " tag="752"><subfield code="a">United States</subfield><subfield code="b">Indiana</subfield><subfield code="c">LaGrange</subfield><subfield code="d">Lima.</subfield></datafield><datafield ind1="0" ind2="0" tag="785"><subfield code="t">Grange Democrat (Howe, Ind.)</subfield><subfield code="w">(DLC)sn 87056648</subfield></datafield></record>